@ARTICLE{barlow2011,
  AUTHOR  = {{Barlow{-}Jones, Glenda, and Duan van der Westhuizen}},
  TITLE   = {Situating the student: factors contributing to success in an Information Technology course},
  JOURNAL = {Educational Studies},
  YEAR    = {2011},
  volume  = {37},
  number  = {3},
  pages   = {303--320},
}

@BOOK{bernstein2006,
  AUTHOR    = {Douglas A. Bernstein},
  TITLE     = {Psychology},
  PUBLISHER = {Houghton Mifflin},
  YEAR      = {2006},
  address   = {Boston},
}

@ARTICLE{campbell1984,
  AUTHOR  = {{Campbell, Patricia F., and George P.\ McCabe}},
  TITLE   = {Predicting the success of freshmen in a computer science major},
  JOURNAL = {Communications of the ACM},
  YEAR    = {1984},
  volume  = {27},
  number  = {11},
  pages   = {1108--1113},
}

@ARTICLE{decoux2016,
  AUTHOR  = {Valerie M. DeCoux},
  TITLE   = {Kolb's learning style inventory: A review of its applications in nursing research},
  JOURNAL = {Journal of Nursing Education},
  YEAR    = {2016},
  volume  = {29},
  number  = {5},
  pages   = {202--207},
}

@ARTICLE{donche2013,
  AUTHOR  = {{Donche, Vincent, Sven Maeyer, Liesje Coertjens, Tine Daal, and Peter Petegem}},
  TITLE   = {Differential use of learning strategies in first{-}year higher education: The impact of personality, academic motivation, and teaching strategies},
  JOURNAL = {British Journal of Educational Psychology},
  YEAR    = {2013},
  volume  = {83},
  number  = {2},
  pages   = {238--251},
}

@BOOK{driscoll2005,
  AUTHOR    = {Marcy Perkins Driscoll},
  TITLE     = {Psychology of Learning for Instruction},
  PUBLISHER = {Pearson Allyn and Bacon},
  YEAR      = {2005},
  address   = {Boston},
}

@INPROCEEDINGS{elnagar2013,
  AUTHOR       = {{Elnagar, Ashraf, and Mahir S.\ Ali}},
  TITLE        = {Survey of student perceptions of a modified team{-}based learning approach on an information technology course},
  BOOKTITLE    = {2013 Palestinian International Conference on Information and Communication Technology (PICICT)},
  YEAR         = {2013},
  pages        = {22--27},
  organization = {IEEE},
}

@ARTICLE{evans1989,
  AUTHOR  = {{Evans, Gerald E., and Mark G.\ Simkin}},
  TITLE   = {What best predicts computer proficiency?},
  JOURNAL = {Communications of the ACM},
  YEAR    = {1989},
  volume  = {32},
  number  = {11},
  pages   = {1322--1327},
}

@INPROCEEDINGS{golding2005,
  AUTHOR       = {{Golding, Paul, and Sophia McNamarah}},
  TITLE        = {Predicting Academic Performance in the School of Computing \& Information Technology (SCIT)},
  JOURNAL      = {FRONTIERS IN EDUCATION CONFERENCE},
  YEAR         = {2005},
  volume       = {35},
  number       = {3},
  pages        = {S2H},
  organization = {STIPES},
}

@MISC{hlavac,
  AUTHOR = {Marek Hlavac},
  TITLE  = {stargazer: Well-Formatted Regression and Summary Statistics Tables},
  note   = {R package version 5.2},
  year   = {2015},
}

@ARTICLE{hostetler1983,
  AUTHOR  = {Terry R. Hostetler},
  TITLE   = {Predicting student success in an introductory programming course},
  JOURNAL = {ACM SIGCSE Bulletin},
  YEAR    = {1983},
  volume  = {15},
  number  = {3},
  pages   = {40--43},
}

@BOOK{hunt2004,
  AUTHOR    = {{Hunt, R.\ Reed, and Henry C.\ Ellis}},
  TITLE     = {Fundamentals of Cognitive Psychology},
  PUBLISHER = {McGraw-Hill Higher Education},
  YEAR      = {2004},
  address   = {Boston},
}

@BOOK{kolb2013,
  AUTHOR    = {Kolb, Alice Y.},
  TITLE     = {The Kolb Learning Style Inventory 4.0: A comprehensive guide to the theory, psychometrics, research on validity and educational applications},
  PUBLISHER = {Hay Resources Direct},
  YEAR      = {2013},
  address   = {Boston},
}

@BOOK{kolb2005a,
  AUTHOR    = {Kolb, Alice Y.},
  TITLE     = {The Kolb learning style inventory-version 3.1 2005 technical specifications},
  PUBLISHER = {Hay Resources Direct},
  YEAR      = {2005},
  address   = {Boston},
}

@ARTICLE{kolb2005b,
  AUTHOR  = {{Kolb, Alice Y., and David A.\ Kolb}},
  TITLE   = {Learning styles and learning spaces: Enhancing experiential learning in higher education},
  JOURNAL = {Academy of management learning \& education},
  YEAR    = {2005},
  volume  = {4},
  number  = {2},
  pages   = {193--212},
}

@MISC{kolb1993,
  author  = {David A. Kolb},
  title   = {Learning-Style Inventory},
  year    = {1993},
  address = {Boston},
}

@BOOK{kolb2005c,
  AUTHOR    = {David A. Kolb},
  TITLE     = {Kolb Learning Style Inventory On-line (Version 3.1): Interpretive Report},
  PUBLISHER = {Hay Group},
  YEAR      = {2005},
}

@ARTICLE{lunt1996,
  AUTHOR  = {Barry M. Lunt},
  TITLE   = {Predicting academic success in electronics},
  JOURNAL = {Journal of Science Education and Technology},
  YEAR    = {1996},
  volume  = {5},
  number  = {3},
  pages   = {235--240},
}

@ARTICLE{nuata2007,
  AUTHOR  = {Margaret M. Nuata},
  TITLE   = {Assessing college students' satisfaction with their academic majors},
  JOURNAL = {Journal of Career Assessment},
  YEAR    = {2007},
  volume  = {15},
  number  = {4},
  pages   = {446--462},
}

@ARTICLE{nowaczyk1984,
  AUTHOR  = {Ronald H. Nowaczyk},
  TITLE   = {The relationship of problem{-}solving ability and course performance among novice programmers},
  JOURNAL = {International Journal of Man-Machine Studies},
  YEAR    = {1984},
  volume  = {21},
  number  = {2},
  pages   = {149--160},
}

@ARTICLE{nulty2008,
  AUTHOR  = {Duncan D. Nulty},
  TITLE   = {The adequacy of response rates to online and paper surveys: what can be done?},
  JOURNAL = {Assessment \& Evaluation in Higher Education},
  YEAR    = {2008},
  volume  = {33},
  number  = {3},
  pages   = {301--314},
}

@Manual{,
  title        = {R: A Language and Environment for Statistical Computing},
  author       = {{R Core Team}},
  organization = {R Foundation for Statistical Computing},
  address      = {Vienna, Austria},
  year         = {2017},
}


@ARTICLE{ridgell2004,
  AUTHOR  = {{Ridgell, Susan D., and John W.\ Lounsbury}},
  TITLE   = {Predicting academic success: General intelligence, ``Big Five'' personality traits, and work drive},
  JOURNAL = {College Student Journal},
  YEAR    = {2004},
  volume  = {38},
  number  = {4},
  pages   = {607},
}

@ARTICLE{sfard1998,
  AUTHOR  = {Anna Sfard},
  TITLE   = {On two metaphors for learning and the dangers of choosing just one},
  JOURNAL = {Educational researcher},
  YEAR    = {1998},
  volume  = {27},
  number  = {2},
  pages   = {4--13},
}

@INPROCEEDINGS{shackelford2006,
  AUTHOR       = {{Shackelford, Russell, Andrew McGettrick, Robert Sloan, Heikki Topi, Gordon Davies, Reza Kamali, James Cross, John Impagliazzo, Richard LeBlanc, and Barry Lunt}},
  TITLE        = {Computing curricula 2005: The overview report},
  BOOKTITLE    = {ACM SIGCSE Bulletin},
  YEAR         = {2006},
  volume       = {38},
  number       = {1},
  pages        = {456--457},
  organization = {ACM},
}

@ARTICLE{sovet2014,
  AUTHOR  = {{Sovet, Laurent, Miriam Sang-Ah Park, and Sungcheol Jung}},
  TITLE   = {Validation and psychometric properties of Academic Major Satisfaction Scale among Korean college students},
  JOURNAL = {Social Indicators Research},
  YEAR    = {2014},
  volume  = {119},
  number  = {2},
  pages   = {1121--1131},
}

@ARTICLE{sun2004,
  AUTHOR  = {{Sun, Ron, and Xi Zhang}},
  TITLE   = {Top{-}down versus bottom{-}up learning in cognitive skill acquisition},
  JOURNAL = {Cognitive Systems Research},
  YEAR    = {2004},
  volume  = {5},
  number  = {1},
  pages   = {63--89},
}

@ARTICLE{thomas2007,
  AUTHOR  = {{Thomas, Lisa L., Nathan R.\ Kuncel, and Marcus Cred\'{e}}},
  TITLE   = {Noncognitive Variables in College Admissions The Case of the Non-Cognitive Questionnaire},
  JOURNAL = {Educational and Psychological Measurement},
  YEAR    = {2007},
  volume  = {67},
  number  = {4},
  pages   = {635--657},
}

@ARTICLE{ting2001,
  AUTHOR  = {{Ting, S.\ M.\ R., and R.\ Man}},
  TITLE   = {Predicting academic success of first{-}year engineering students from standardized test scores and psychosocial variables},
  JOURNAL = {International Journal of Engineering Education},
  YEAR    = {2001},
  volume  = {17},
  number  = {1},
  pages   = {75--80},
}

@ARTICLE{vizeshfar2017,
  AUTHOR  = {{Vizeshfar, Fatemeh, and Camellia Torabizadeh}},
  TITLE   = {The effect of teaching based on dominant learning style on nursing students' academic achievement},
  JOURNAL = {Nurse Education in Practice},
  YEAR    = {2017},
}

@BOOK{vygotsky1978,
  AUTHOR    = {{Vygotsky, L.\ S., and Michael Cole}},
  TITLE     = {Mind in Society: The Development of Higher Psychological Processes},
  PUBLISHER = {Harvard University Press},
  YEAR      = {1978},
  address   = {Cambridge},
}

@ARTICLE{wang2013,
  AUTHOR  = {{Wang, Xiaoyan, Yelin Su, Stephen Cheung, Eva Wong, and Theresa Kwong}},
  TITLE   = {An exploration of Biggs' constructive alignment in course design and its impact on students' learning approaches},
  JOURNAL = {Assessment \& Evaluation in Higher Education},
  YEAR    = {2013},
  volume  = {38},
  number  = {4},
  pages   = {477-491},
}
